@unpublished{bib:Teschl,
    author  = {Gerald Teschl},
    note    = {\url{https://www.mat.univie.ac.at/~gerald/ftp/book-ode/ode.pdf}},
    title   = {Ordinary Differential Equations and Dynamical Systems}
}

@unpublished{bib:DifferentialForms,
    title   = {Differential Forms},
    author  = {Victor Guillemin and Peter J. Haine},
    note    = {\url{https://math.mit.edu/classes/18.952/2018SP/files/18.952_book.pdf}}
}

@article{bib:Zhang,
    title   = {On the existence and uniqueness of limit cycles for generalized Li\'{e}nard systems},
    author  = {Dongmei Xiao and Zhifen Zhang},
    journal = {J. Math. Anal. Appl.},
    volume  = {343},
    number  = {1},
    date    = {1 July 2008}
}

@online{bib:CAAGThomasNotes,
    title   = {{CAAG Thomas} Notes},
    author  = {Steven Labalme},
    url     = {https://github.com/shadypuck/CAAGThomasNotes/blob/master/main.pdf},
    urldate = {2022-12-23}
}